@Manual{R-base,
  title = {R: A Language and Environment for Statistical Computing},
  author = {{R Core Team}},
  organization = {R Foundation for Statistical Computing},
  address = {Vienna, Austria},
  year = {2021},
  url = {https://www.R-project.org/},
}

@Manual{R-broom,
  title = {broom: Convert Statistical Objects into Tidy Tibbles},
  author = {David Robinson and Alex Hayes and Simon Couch},
  year = {2021},
  note = {R package version 0.7.6},
  url = {https://CRAN.R-project.org/package=broom},
}

@Manual{R-car,
  title = {car: Companion to Applied Regression},
  author = {John Fox and Sanford Weisberg and Brad Price},
  year = {2020},
  note = {R package version 3.0-10},
  url = {https://CRAN.R-project.org/package=car},
}

@Manual{R-carData,
  title = {carData: Companion to Applied Regression Data Sets},
  author = {John Fox and Sanford Weisberg and Brad Price},
  year = {2020},
  note = {R package version 3.0-4},
  url = {https://CRAN.R-project.org/package=carData},
}

@Manual{R-dials,
  title = {dials: Tools for Creating Tuning Parameter Values},
  author = {Max Kuhn},
  year = {2020},
  note = {R package version 0.0.9},
  url = {https://CRAN.R-project.org/package=dials},
}

@Manual{R-dplyr,
  title = {dplyr: A Grammar of Data Manipulation},
  author = {Hadley Wickham and Romain François and Lionel Henry and Kirill Müller},
  year = {2021},
  note = {R package version 1.0.6},
  url = {https://CRAN.R-project.org/package=dplyr},
}

@Manual{R-forcats,
  title = {forcats: Tools for Working with Categorical Variables (Factors)},
  author = {Hadley Wickham},
  year = {2021},
  note = {R package version 0.5.1},
  url = {https://CRAN.R-project.org/package=forcats},
}

@Manual{R-GGally,
  title = {GGally: Extension to ggplot2},
  author = {Barret Schloerke and Di Cook and Joseph Larmarange and Francois Briatte and Moritz Marbach and Edwin Thoen and Amos Elberg and Jason Crowley},
  year = {2021},
  note = {R package version 2.1.1},
  url = {https://CRAN.R-project.org/package=GGally},
}

@Manual{R-ggfortify,
  title = {ggfortify: Data Visualization Tools for Statistical Analysis Results},
  author = {Masaaki Horikoshi and Yuan Tang},
  year = {2020},
  note = {R package version 0.4.11},
  url = {https://github.com/sinhrks/ggfortify},
}

@Manual{R-ggplot2,
  title = {ggplot2: Create Elegant Data Visualisations Using the Grammar of Graphics},
  author = {Hadley Wickham and Winston Chang and Lionel Henry and Thomas Lin Pedersen and Kohske Takahashi and Claus Wilke and Kara Woo and Hiroaki Yutani and Dewey Dunnington},
  year = {2020},
  note = {R package version 3.3.3},
  url = {https://CRAN.R-project.org/package=ggplot2},
}

@Manual{R-infer,
  title = {infer: Tidy Statistical Inference},
  author = {Andrew Bray and Chester Ismay and Evgeni Chasnovski and Ben Baumer and Mine Cetinkaya-Rundel},
  year = {2021},
  note = {R package version 0.5.4},
  url = {https://CRAN.R-project.org/package=infer},
}

@Manual{R-kableExtra,
  title = {kableExtra: Construct Complex Table with kable and Pipe Syntax},
  author = {Hao Zhu},
  year = {2021},
  note = {R package version 1.3.4},
  url = {https://CRAN.R-project.org/package=kableExtra},
}

@Manual{R-knitr,
  title = {knitr: A General-Purpose Package for Dynamic Report Generation in R},
  author = {Yihui Xie},
  year = {2021},
  note = {R package version 1.33},
  url = {https://yihui.org/knitr/},
}

@Manual{R-lmtest,
  title = {lmtest: Testing Linear Regression Models},
  author = {Torsten Hothorn and Achim Zeileis and Richard W. Farebrother and Clint Cummins},
  year = {2020},
  note = {R package version 0.9-38},
  url = {https://CRAN.R-project.org/package=lmtest},
}

@Manual{R-magrittr,
  title = {magrittr: A Forward-Pipe Operator for R},
  author = {Stefan Milton Bache and Hadley Wickham},
  year = {2020},
  note = {R package version 2.0.1},
  url = {https://CRAN.R-project.org/package=magrittr},
}

@Manual{R-MASS,
  title = {MASS: Support Functions and Datasets for Venables and Ripley's MASS},
  author = {Brian Ripley},
  year = {2021},
  note = {R package version 7.3-54},
  url = {http://www.stats.ox.ac.uk/pub/MASS4/},
}

@Manual{R-modeldata,
  title = {modeldata: Data Sets Used Useful for Modeling Packages},
  author = {Max Kuhn},
  year = {2020},
  note = {R package version 0.1.0},
  url = {https://CRAN.R-project.org/package=modeldata},
}

@Manual{R-nortest,
  title = {nortest: Tests for Normality},
  author = {Juergen Gross and Uwe Ligges},
  year = {2015},
  note = {R package version 1.0-4},
  url = {https://CRAN.R-project.org/package=nortest},
}

@Manual{R-pacman,
  title = {pacman: Package Management Tool},
  author = {Tyler Rinker and Dason Kurkiewicz},
  year = {2019},
  note = {R package version 0.5.1},
  url = {https://github.com/trinker/pacman},
}

@Manual{R-parsnip,
  title = {parsnip: A Common API to Modeling and Analysis Functions},
  author = {Max Kuhn and Davis Vaughan},
  year = {2021},
  note = {R package version 0.1.6},
  url = {https://CRAN.R-project.org/package=parsnip},
}

@Manual{R-purrr,
  title = {purrr: Functional Programming Tools},
  author = {Lionel Henry and Hadley Wickham},
  year = {2020},
  note = {R package version 0.3.4},
  url = {https://CRAN.R-project.org/package=purrr},
}

@Manual{R-readr,
  title = {readr: Read Rectangular Text Data},
  author = {Hadley Wickham and Jim Hester},
  year = {2020},
  note = {R package version 1.4.0},
  url = {https://CRAN.R-project.org/package=readr},
}

@Manual{R-recipes,
  title = {recipes: Preprocessing Tools to Create Design Matrices},
  author = {Max Kuhn and Hadley Wickham},
  year = {2021},
  note = {R package version 0.1.16},
  url = {https://CRAN.R-project.org/package=recipes},
}

@Manual{R-reshape2,
  title = {reshape2: Flexibly Reshape Data: A Reboot of the Reshape Package},
  author = {Hadley Wickham},
  year = {2020},
  note = {R package version 1.4.4},
  url = {https://github.com/hadley/reshape},
}

@Manual{R-rsample,
  title = {rsample: General Resampling Infrastructure},
  author = {Julia Silge and Fanny Chow and Max Kuhn and Hadley Wickham},
  year = {2021},
  note = {R package version 0.1.0},
  url = {https://CRAN.R-project.org/package=rsample},
}

@Manual{R-scales,
  title = {scales: Scale Functions for Visualization},
  author = {Hadley Wickham and Dana Seidel},
  year = {2020},
  note = {R package version 1.1.1},
  url = {https://CRAN.R-project.org/package=scales},
}

@Manual{R-stringr,
  title = {stringr: Simple, Consistent Wrappers for Common String Operations},
  author = {Hadley Wickham},
  year = {2019},
  note = {R package version 1.4.0},
  url = {https://CRAN.R-project.org/package=stringr},
}

@Manual{R-tibble,
  title = {tibble: Simple Data Frames},
  author = {Kirill Müller and Hadley Wickham},
  year = {2021},
  note = {R package version 3.1.2},
  url = {https://CRAN.R-project.org/package=tibble},
}

@Manual{R-tidymodels,
  title = {tidymodels: Easily Install and Load the Tidymodels Packages},
  author = {Max Kuhn and Hadley Wickham},
  year = {2021},
  note = {R package version 0.1.3},
  url = {https://CRAN.R-project.org/package=tidymodels},
}

@Manual{R-tidyr,
  title = {tidyr: Tidy Messy Data},
  author = {Hadley Wickham},
  year = {2021},
  note = {R package version 1.1.3},
  url = {https://CRAN.R-project.org/package=tidyr},
}

@Manual{R-tidyverse,
  title = {tidyverse: Easily Install and Load the Tidyverse},
  author = {Hadley Wickham},
  year = {2021},
  note = {R package version 1.3.1},
  url = {https://CRAN.R-project.org/package=tidyverse},
}

@Manual{R-tseries,
  title = {tseries: Time Series Analysis and Computational Finance},
  author = {Adrian Trapletti and Kurt Hornik},
  year = {2020},
  note = {R package version 0.10-48},
  url = {https://CRAN.R-project.org/package=tseries},
}

@Manual{R-tune,
  title = {tune: Tidy Tuning Tools},
  author = {Max Kuhn},
  year = {2021},
  note = {R package version 0.1.5},
  url = {https://CRAN.R-project.org/package=tune},
}

@Manual{R-workflows,
  title = {workflows: Modeling Workflows},
  author = {Davis Vaughan},
  year = {2021},
  note = {R package version 0.2.2},
  url = {https://CRAN.R-project.org/package=workflows},
}

@Manual{R-workflowsets,
  title = {workflowsets: Create a Collection of tidymodels Workflows},
  author = {Max Kuhn},
  year = {2021},
  note = {R package version 0.0.2},
  url = {https://CRAN.R-project.org/package=workflowsets},
}

@Manual{R-yardstick,
  title = {yardstick: Tidy Characterizations of Model Performance},
  author = {Max Kuhn and Davis Vaughan},
  year = {2021},
  note = {R package version 0.0.8},
  url = {https://CRAN.R-project.org/package=yardstick},
}

@Manual{R-zoo,
  title = {zoo: S3 Infrastructure for Regular and Irregular Time Series (Z's
Ordered Observations)},
  author = {Achim Zeileis and Gabor Grothendieck and Jeffrey A. Ryan},
  year = {2021},
  note = {R package version 1.8-9},
  url = {https://zoo.R-Forge.R-project.org/},
}

@Book{car2019,
  title = {An {R} Companion to Applied Regression},
  edition = {Third},
  author = {John Fox and Sanford Weisberg},
  year = {2019},
  publisher = {Sage},
  address = {Thousand Oaks {CA}},
  url = {https://socialsciences.mcmaster.ca/jfox/Books/Companion/},
}

@Article{ggfortify2016,
  author = {Yuan Tang and Masaaki Horikoshi and Wenxuan Li},
  title = {ggfortify: Unified Interface to Visualize Statistical Result of Popular R Packages},
  journal = {The R Journal},
  year = {2016},
  issue = {2},
  volume = {8},
  url = {https://journal.r-project.org/},
}

@Manual{ggfortify2018,
  author = {Masaaki Horikoshi and Yuan Tang},
  title = {ggfortify: Data Visualization Tools for Statistical Analysis Results},
  year = {2018},
  url = {https://CRAN.R-project.org/package=ggfortify},
}

@Book{ggplot22016,
  author = {Hadley Wickham},
  title = {ggplot2: Elegant Graphics for Data Analysis},
  publisher = {Springer-Verlag New York},
  year = {2016},
  isbn = {978-3-319-24277-4},
  url = {https://ggplot2.tidyverse.org},
}

@Book{knitr2015,
  title = {Dynamic Documents with {R} and knitr},
  author = {Yihui Xie},
  publisher = {Chapman and Hall/CRC},
  address = {Boca Raton, Florida},
  year = {2015},
  edition = {2nd},
  note = {ISBN 978-1498716963},
  url = {https://yihui.org/knitr/},
}

@InCollection{knitr2014,
  booktitle = {Implementing Reproducible Computational Research},
  editor = {Victoria Stodden and Friedrich Leisch and Roger D. Peng},
  title = {knitr: A Comprehensive Tool for Reproducible Research in {R}},
  author = {Yihui Xie},
  publisher = {Chapman and Hall/CRC},
  year = {2014},
  note = {ISBN 978-1466561595},
  url = {http://www.crcpress.com/product/isbn/9781466561595},
}

@Article{lmtest2002,
  title = {Diagnostic Checking in Regression Relationships},
  author = {Achim Zeileis and Torsten Hothorn},
  journal = {R News},
  year = {2002},
  volume = {2},
  number = {3},
  pages = {7--10},
  url = {https://CRAN.R-project.org/doc/Rnews/},
}

@Book{MASS2002,
  title = {Modern Applied Statistics with S},
  author = {W. N. Venables and B. D. Ripley},
  publisher = {Springer},
  edition = {Fourth},
  address = {New York},
  year = {2002},
  note = {ISBN 0-387-95457-0},
  url = {https://www.stats.ox.ac.uk/pub/MASS4/},
}

@Manual{pacman2018,
  title = {{pacman}: {P}ackage Management for {R}},
  author = {Tyler W. Rinker and Dason Kurkiewicz},
  address = {Buffalo, New York},
  note = {version 0.5.0},
  year = {2018},
  url = {http://github.com/trinker/pacman},
}

@Article{reshape22007,
  title = {Reshaping Data with the {reshape} Package},
  author = {Hadley Wickham},
  journal = {Journal of Statistical Software},
  year = {2007},
  volume = {21},
  number = {12},
  pages = {1--20},
  url = {http://www.jstatsoft.org/v21/i12/},
}

@Manual{tidymodels2020,
  title = {Tidymodels: a collection of packages for modeling and machine learning using tidyverse principles.},
  author = {Max Kuhn and Hadley Wickham},
  url = {https://www.tidymodels.org},
  year = {2020},
}

@Article{tidyverse2019,
  title = {Welcome to the {tidyverse}},
  author = {Hadley Wickham and Mara Averick and Jennifer Bryan and Winston Chang and Lucy D'Agostino McGowan and Romain François and Garrett Grolemund and Alex Hayes and Lionel Henry and Jim Hester and Max Kuhn and Thomas Lin Pedersen and Evan Miller and Stephan Milton Bache and Kirill Müller and Jeroen Ooms and David Robinson and Dana Paige Seidel and Vitalie Spinu and Kohske Takahashi and Davis Vaughan and Claus Wilke and Kara Woo and Hiroaki Yutani},
  year = {2019},
  journal = {Journal of Open Source Software},
  volume = {4},
  number = {43},
  pages = {1686},
  doi = {10.21105/joss.01686},
}

@Article{zoo2005,
  title = {zoo: S3 Infrastructure for Regular and Irregular Time Series},
  author = {Achim Zeileis and Gabor Grothendieck},
  journal = {Journal of Statistical Software},
  year = {2005},
  volume = {14},
  number = {6},
  pages = {1--27},
  doi = {10.18637/jss.v014.i06},
}

